<?xml version="1.0" encoding="UTF-8"?>
<record xmlns="http://www.loc.gov/MARC21/slim" xmlns:xsi="http://www.w3.org/2001/XMLSchema-instance" xsi:schemaLocation="http://www.loc.gov/MARC21/slim http://www.loc.gov/standards/marcxml/schema/MARC21slim.xsd">
<leader>     nam a2200289 a 4500</leader>
<controlfield tag="001">001689255</controlfield>
<controlfield tag="003">NNU</controlfield>
<controlfield tag="005">20061010170927.0</controlfield>
<controlfield tag="008">001212m19051911ua            000 0 ara d</controlfield>
<datafield tag="035" ind1="9" ind2=" ">
<subfield code="a">NYUb12233611</subfield>
</datafield>
<datafield tag="035" ind1=" " ind2=" ">
<subfield code="a">(CStRLIN)NYUG00-B4085</subfield>
</datafield>
<datafield tag="040" ind1=" " ind2=" ">
<subfield code="a">NNU</subfield>
<subfield code="c">NNU</subfield>
</datafield>
<datafield tag="050" ind1=" " ind2="4">
<subfield code="a">BP130.4</subfield>
<subfield code="b">.T28</subfield>
</datafield>
<datafield tag="066" ind1=" " ind2=" ">
<subfield code="c">(3</subfield>
</datafield>
<datafield tag="090" ind1=" " ind2=" ">
<subfield code="a">BP130.4</subfield>
<subfield code="b">.T28</subfield>
</datafield>
<datafield tag="100" ind1="0" ind2=" ">
<subfield code="a">Ṭabarī,</subfield>
<subfield code="d">838?-923</subfield>
<subfield code="6">880-01</subfield>
</datafield>
<datafield tag="240" ind1="0" ind2="0">
<subfield code="a">Jāmiʻ al-bayān ʻan taʼwīl āy al-Qurʼān</subfield>
</datafield>
<datafield tag="245" ind1="1" ind2="0">
<subfield code="6">880-02</subfield>
<subfield code="a">Min Kitāb Jāmiʻ al-bayān fī tafsīr al-Qurʼan̄ /</subfield>
<subfield code="c">taʼlīf Abī Jaʻfar Muḥammad ibn Jarīr al-Ṭabarī. Wa-bi-hāmishihi tafsīr Gharāʼib al-Qurʼān wa-raghāʼib al-furqān / li-Niẓām al-Dīn al-Ḥasan ibn Muḥammad ibn Ḥusayn al-Qummī al-Nīsābūrī.</subfield>
</datafield>
<datafield tag="246" ind1="3" ind2="0">
<subfield code="a">Kitāb Jāmiʻ al-bayān fī tafsīr al-Qurʼan̄</subfield>
</datafield>
<datafield tag="246" ind1="3" ind2=" ">
<subfield code="a">Gharāʼib al-Qurʼān wa-raghāʼib al-furqān</subfield>
</datafield>
<datafield tag="260" ind1=" " ind2=" ">
<subfield code="6">880-03</subfield>
<subfield code="a">Miṣr :</subfield>
<subfield code="b">al-Maṭbaʻah al-Kubrá al-Amīrīyah,</subfield>
<subfield code="c">1323-1329 [1905-1911]</subfield>
</datafield>
<datafield tag="300" ind1=" " ind2=" ">
<subfield code="a">30 v. in 10 ;</subfield>
<subfield code="c">25 cm.</subfield>
</datafield>
<datafield tag="630" ind1="0" ind2="0">
<subfield code="a">Koran</subfield>
<subfield code="v">Commentaries</subfield>
<subfield code="v">Early works to 1800.</subfield>
</datafield>
<datafield tag="700" ind1="1" ind2="2">
<subfield code="a">Nīsābūrī, Niẓām al-Dīn al-Ḥasan ibn Muḥammad,</subfield>
<subfield code="d">d. 1328 or 9.</subfield>
<subfield code="t">Gharāʼib al-Qurʼan̄ wa-raghāʼib al-furqān.</subfield>
<subfield code="f">1903.</subfield>
</datafield>
<datafield tag="880" ind1="0" ind2=" ">
<subfield code="6">100-01/</subfield>
<subfield code="a">طبرى.</subfield>
</datafield>
<datafield tag="880" ind1="1" ind2="0">
<subfield code="6">245-02/</subfield>
<subfield code="a">من كتاب جامع البيان فى تفسير القرآن /</subfield>
<subfield code="c">تأليف أبى جعفر محمد بن جرير الطبرى. وبهامشه بفسير غرائب القرآن ورغائب الفرقان / لنظام الدين الحسن بن محمد بن حسين القمى النيسابوري.</subfield>
</datafield>
<datafield tag="880" ind1=" " ind2=" ">
<subfield code="6">260-03/</subfield>
<subfield code="a">مصر :</subfield>
<subfield code="b">المطبعة الكبرى الأميرية،</subfield>
<subfield code="c">١٣٢٣-١٣٢٩.</subfield>
</datafield>
<datafield tag="OWN" ind1=" " ind2=" ">
<subfield code="a">GENERAL</subfield>
</datafield>
<datafield tag="998" ind1=" " ind2=" ">
<subfield code="a">20001212</subfield>
<subfield code="d">20001212</subfield>
<subfield code="d">20001212</subfield>
<subfield code="n">NNU</subfield>
<subfield code="s">1</subfield>
<subfield code="t">c</subfield>
<subfield code="z">e</subfield>
</datafield>
<datafield tag="AVA" ind1=" " ind2=" ">
<subfield code="a">NYU50</subfield>
<subfield code="b">BOBST</subfield>
<subfield code="c">Main Collection</subfield>
<subfield code="d">BP130.4 .T28</subfield>
<subfield code="e">unavailable</subfield>
<subfield code="t">Unavailable</subfield>
<subfield code="f">10</subfield>
<subfield code="g">10</subfield>
<subfield code="h">Y</subfield>
<subfield code="i">0</subfield>
<subfield code="j">MAIN</subfield>
</datafield>
</record>
